@misc{SIMPLEX,
  author = "Nobody Jr",
  title = "My Article",
         year = "2006" }
